% This file was created with JabRef 2.10b2.
% Encoding: UTF-8


@String { abntex.doc.header = {$Header: /home/cvsroot/abntex/texmf/bibtex/bib/abntex/abntex-doc.bib,v 1.1 2003/03/21 18:28:12 gweber Exp $} }

@Misc{AcidentesCNT,
  author = {{CONFEDERAÇÃO NACIONAL DO TRANSPORTE}},
  title = {Acidentes em Rodovias Federais},
  urlaccessdate={2023-08-08},
  year   = {2023},
  url    = {https://cnt.org.br/painel-acidente},
}

@Misc{InstitucionalPRF,
  author = {{POLÍCIA RODOVIÁRIA FEDERAL}},
  title = {Institucional},
  urlaccessdate={2023-02-05},
  year   = {2021},
  url    = {https://www.gov.br/prf/pt-br/acesso-a-informacao/institucional},
}

@Misc{CidadaoPRF,
  author        = {{POLÍCIA RODOVIÁRIA FEDERAL}},
  title         = {Carta de Serviços ao Cidadão},
  year          = {2020},
  url           = {https://www.gov.br/prf/pt-br/acesso-a-informacao/acoes-e-programas/arquivos/carta-de-servicos-ao-cidadao-prf.pdf/view},
  urlaccessdate = {2023-02-05},
}

@Misc{UsuarioPRF,
  author        = {{POLÍCIA RODOVIÁRIA FEDERAL}},
  title         = {Carta de Serviços ao Usuário},
  year          = {2021},
  url           = {https://www.gov.br/prf/pt-br/acesso-a-informacao/acoes-e-programas/carta-de-servicos-ao-usuario},
  urlaccessdate = {2023-02-05},
}

@Misc{LPATPRF,
  author        = {{POLÍCIA RODOVIÁRIA FEDERAL}},
  title         = {Laudo Pericial de Acidente de Trânsito - LPAT},
  year          = {2020},
  url           = {https://www.gov.br/prf/pt-br/servicos/acidentes/boletim-de-acidente},
  urlaccessdate = {2023-02-05},
}

@Misc{DATPRF,
  author        = {{POLÍCIA RODOVIÁRIA FEDERAL}},
  title         = {Declaração de Acidente de Trânsito - DAT},
  year          = {2020},
  url           = {https://www.gov.br/prf/pt-br/servicos/acidentes/declaracao-de-acidente-de-transito},
  urlaccessdate = {2023-02-05},
}

@Misc{ContasPRF2017,
  author        = {{MINISTÉRIO DA JUSTIÇA E SEGURANÇA PÚBLICA}},
  title         = {Departamento de Polícia Rodoviária Federal - Processos de Contas Anuais},
  year          = {2017},
  url           = {https://www.justica.gov.br/Acesso/auditorias/subpaginas_auditoria/departamento-de-policia-rodoviaria-federal/subpaginas-policia-rodoviaria-federal/departamento-de-policia-rodoviaria-federal-sede},
  urlaccessdate = {2023-02-05},
}

@Misc{UnidadesPRF,
  author        = {{POLÍCIA RODOVIÁRIA FEDERAL}},
  title         = {Unidades PRF},
  year          = {2023},
  url           = {https://www.gov.br/prf/pt-br/canais-de-atendimento/unidades-prf},
  urlaccessdate = {2023-02-05},
}

@Book{Farahani2009,
  editor    = {Reza Zanjirani Farahani and Masoud Hekmatfar},
  publisher = {Physica-Verlag {HD}},
  title     = {Facility Location},
  year      = {2009},
  doi       = {10.1007/978-3-7908-2151-2},
}

@InProceedings{Dzator2017,
  author    = {Dzator, M and Dzator, J},
  booktitle = {22nd International Congress on Modelling and Simulation, MODSIM 2017},
  title     = {The optimal location of ambulance stations in a regional area: The case of Mackay},
  year      = {2017},
  publisher = {Modelling and Simulation Society of Australia and New Zealand Inc.},
}

@InCollection{Cintrano2018,
  author    = {Christian Cintrano and Francisco Chicano and Thomas St\"{u}tzle and Enrique Alba},
  booktitle = {Advances in Artificial Intelligence},
  publisher = {Springer International Publishing},
  title     = {Studying Solutions of the p-Median Problem for the Location of Public Bike Stations},
  year      = {2018},
  pages     = {198--208},
  doi       = {10.1007/978-3-030-00374-6_19},
}

@Article{Wheeler2019,
  author    = {Andrew Palmer Wheeler},
  journal   = {Policing: An International Journal},
  title     = {Creating optimal patrol areas using the P-median model},
  year      = {2019},
  month     = jun,
  number    = {3},
  pages     = {318--333},
  volume    = {42},
  doi       = {10.1108/pijpsm-02-2018-0027},
  publisher = {Emerald},
}

@Article{Zapata2020,
  author    = {Zarate Zapata and Aldo Cesar and Garz{\'{o}}n Garnica and Eduardo Arturo and Cante Mota and Rom{\'{a}}n Rom{\'{a}}n and Olmos {\'{A}}lvarez and Fernando Fernando and Martinez Flores and Jos{\'{e}} Luis and S{\'{a}}nchez Partida and Diana Diana},
  journal   = {Advances in Science, Technology and Engineering Systems Journal},
  title     = {Warehouse Relocation of a Company in the Automotive Industry Using P-median},
  year      = {2020},
  number    = {3},
  pages     = {576--582},
  volume    = {5},
  doi       = {10.25046/aj050372},
  publisher = {{ASTES} Journal},
}

@InCollection{Soares2021,
  author    = {Leandro Soares and Miguel Moreira and Marcio Basilio and Carlos Gomes and Marcos dos Santos and Igor Costa},
  booktitle = {Frontiers in Artificial Intelligence and Applications},
  publisher = {{IOS} Press},
  title     = {Strategic Analysis for the Installation of Field Hospitals for {COVID}-19 Control: An Approach Based on P-Median Model},
  year      = {2021},
  month     = oct,
  doi       = {10.3233/faia210238},
}

@Article{Brasil1988_gambiarra,
  title        = {[Constituição (1988)]},
  year         = {1988},
  address      = {Brasília, DF: Senado Federal},
  journal  = {Constituição da República Federativa do Brasil},
  author = {Brasil},
}

@Article{Morais2009,
  author  = {Morais, Janaina Jacolina},
  journal = {ETHOS JUS},
  title   = {Princípio da eficiência na Administração Pública},
  year    = {2009},
}

@InBook{Izquierdo2018,
  author    = {Izquierdo, Alejandro and Pessino, Carola},
  chapter   = {A in(eficiência) do gasto público},
  publisher = {Banco Interamericano de Desenvolvimento},
  title     = {Melhores gastos para melhores vidas: Como a América Latina e o Caribe podem fazer mais com menos},
  year      = {2018},
}

@Article{Chan2012,
  author    = {Sok-Gee Chan and Mohd Karim},
  journal   = {Ekonomski anali},
  title     = {Public spending efficiency and political and economic factors: Evidence from selected East Asian countries},
  year      = {2012},
  number    = {193},
  pages     = {7--23},
  volume    = {57},
  doi       = {10.2298/eka1293007c},
  publisher = {National Library of Serbia},
}

@Book{Laporte2019,
  editor    = {Gilbert Laporte and Stefan Nickel and Francisco Saldanha da Gama},
  publisher = {Springer International Publishing},
  title     = {Location Science},
  year      = {2019},
  doi       = {10.1007/978-3-030-32177-2},
}

@Book{Eiselt2011,
  editor    = {H. A. Eiselt and Vladimir Marianov},
  publisher = {Springer {US}},
  title     = {Foundations of Location Analysis},
  year      = {2011},
  doi       = {10.1007/978-1-4419-7572-0},
}

@Article{AhmadiJavid2017,
  author    = {Amir Ahmadi-Javid and Pardis Seyedi and Siddhartha S. Syam},
  journal   = {Computers {\&} Operations Research},
  title     = {A survey of healthcare facility location},
  year      = {2017},
  month     = mar,
  pages     = {223--263},
  volume    = {79},
  doi       = {10.1016/j.cor.2016.05.018},
  publisher = {Elsevier {BV}},
}

@InCollection{Jamshidi2009,
  author    = {Masoomeh Jamshidi},
  booktitle = {Facility Location},
  publisher = {Physica-Verlag {HD}},
  title     = {Median Location Problem},
  year      = {2009},
  pages     = {177--191},
  doi       = {10.1007/978-3-7908-2151-2_8},
  url       = {https://doi.org/10.1007/978-3-7908-2151-2_8},
}

@Article{Weber1909,
  author  = {Weber, Alfred},
  journal = {English translation by CJ Friedrich (1929) Theory of the Location of Industries},
  title   = {Uber den standort der industrien, Tubingen},
  year    = {1909},
}

@Article{Daskin2008,
  author    = {Mark S. Daskin},
  journal   = {Naval Research Logistics},
  title     = {What you should know about location modeling},
  year      = {2008},
  number    = {4},
  pages     = {283--294},
  volume    = {55},
  doi       = {10.1002/nav.20284},
  publisher = {Wiley},
}

@article{Vianna2019,
  doi = {10.1016/j.compchemeng.2018.11.008},
  year = {2019},
  month = feb,
  publisher = {Elsevier {BV}},
  volume = {121},
  pages = {388--395},
  author = {S{\'{a}}vio S.V. Vianna},
  title = {The set covering problem applied to optimisation of gas detectors in chemical process plants},
  journal = {Computers {\&} Chemical Engineering}
}

@article{Park2020,
  doi = {10.1016/j.cor.2020.104936},
  year = {2020},
  month = jul,
  publisher = {Elsevier {BV}},
  volume = {119},
  pages = {104936},
  author = {Youngsoo Park and Peter Nielsen and Ilkyeong Moon},
  title = {Unmanned aerial vehicle set covering problem considering fixed-radius coverage constraint},
  journal = {Computers {\&} Operations Research}
}

@article{Lin2018,
  doi = {10.1016/j.trb.2018.10.008},
  year = {2018},
  month = dec,
  publisher = {Elsevier {BV}},
  volume = {118},
  pages = {124--142},
  author = {Cheng-Chang Lin and Chuan-Chih Lin},
  title = {The p-center flow-refueling facility location problem},
  journal = {Transportation Research Part B: Methodological}
}

@article{Demange2020,
  doi = {10.1007/s13675-020-00124-x},
  year = {2020},
  month = jun,
  publisher = {Elsevier {BV}},
  volume = {8},
  number = {2},
  pages = {103--139},
  author = {Marc Demange and Virginie Gabrel and MarcelA. Haddad and C{\'{e}}cile Murat},
  title = {A robust p-Center problem under pressure to locate shelters in wildfire context},
  journal = {{EURO} Journal on Computational Optimization}
}

@article{Rahmani2018,
  doi = {10.1504/ijise.2018.094844},
  year = {2018},
  publisher = {Inderscience Publishers},
  volume = {30},
  number = {2},
  pages = {219},
  author = {Omid Rahmani and Bahman Naderi and Mohammad Mohammadi and Mehrdad Nouri Koupaei},
  title = {A novel genetic algorithm for the maximum coverage problem in the three-level supply chain network},
  journal = {International Journal of Industrial and Systems Engineering}
}

@article{Muren2020,
  doi = {10.1016/j.ijpe.2019.09.034},
  year = {2020},
  month = may,
  publisher = {Elsevier {BV}},
  volume = {223},
  pages = {107513},
  author = {Muren and Hao Li and Samar K. Mukhopadhyay and Jian-jun Wu and Li Zhou and Zhiping Du},
  title = {Balanced maximal covering location problem and its application in bike-sharing},
  journal = {International Journal of Production Economics}
}

@article{Kudela2020,
  doi = {10.1109/access.2020.3016724},
  year = {2020},
  publisher = {Institute of Electrical and Electronics Engineers ({IEEE})},
  volume = {8},
  pages = {149402--149411},
  author = {Jakub Kudela},
  title = {Social Distancing as p-Dispersion Problem},
  journal = {{IEEE} Access}
}

@article{Sayyady2016,
  doi = {10.1016/j.ejor.2016.02.026},
  year = {2016},
  month = aug,
  publisher = {Elsevier {BV}},
  volume = {253},
  number = {1},
  pages = {216--225},
  author = {Fatemeh Sayyady and Yahya Fathi},
  title = {An integer programming approach for solving the p-dispersion problem},
  journal = {European Journal of Operational Research}
}

@article{Ghamami2015,
  doi = {10.1080/15568318.2014.937840},
  year = {2015},
  month = jan,
  publisher = {Informa {UK} Limited},
  volume = {10},
  number = {4},
  pages = {343--353},
  author = {Mehrnaz Ghamami and Yu (Marco) Nie and Ali Zockaie},
  title = {Planning charging infrastructure for plug-in electric vehicles in city centers},
  journal = {International Journal of Sustainable Transportation}
}

@article{Cheng2021,
  doi = {10.1016/j.omega.2021.102429},
  year = {2021},
  month = sep,
  publisher = {Elsevier {BV}},
  volume = {103},
  pages = {102429},
  author = {Chun Cheng and Yossiri Adulyasak and Louis-Martin Rousseau},
  title = {Robust facility location under demand uncertainty and facility disruptions},
  journal = {Omega}
}

@article{Kariv1979,
  doi = {10.1137/0137041},
  year = {1979},
  month = dec,
  publisher = {Society for Industrial {\&} Applied Mathematics ({SIAM})},
  volume = {37},
  number = {3},
  pages = {539--560},
  author = {O. Kariv and S. L. Hakimi},
  title = {An Algorithmic Approach to Network Location Problems. {II}: The$\less$i$\greater$p$\less$/i$\greater$-Medians},
  journal = {{SIAM} Journal on Applied Mathematics}
}

##### P-Median #####

# Modelo básico / método exato
@article{Dang2023,
  doi = {10.3390/su15129553},
  year = {2023},
  month = jun,
  publisher = {{MDPI} {AG}},
  volume = {15},
  number = {12},
  pages = {9553},
  author = {Jianmin Dang and Xiaozhen Wang and Ying Xie and Ziyi Fu},
  title = {The Location Optimization of Urban Shared New Energy Vehicles Based on P-Median Model: The Example of Xuzhou City,  China},
  journal = {Sustainability}
}

@inproceedings{Nery2021,
  author    = {Carvalho Filho, Nery and Machado, Anderson Oberdan and Loch, Gustavo Valentim},
  title     = {Distribuição de Veículos de Socorro Utilizando Informação Geográfica e Otimização Combinatória de P-Medianas Não Capacitado},
  booktitle = {Anais do LIII Simpósio Brasileiro de Pesquisa Operacional},
  year      = {2021},
}

# Heurística
@article{Tang2020,
  doi = {10.1088/1755-1315/526/1/012196},
  year = {2020},
  month = jun,
  publisher = {{IOP} Publishing},
  volume = {526},
  number = {1},
  pages = {012196},
  author = {Changyu Tang and Hongjuan Tang and Anzhen Jia and Wang Yin},
  title = {Application of P-median Method in the Location of Logistics Nodes},
  journal = {{IOP} Conference Series: Earth and Environmental Science}
}

# Metaheurística
@article{Jnokov2017,
  doi = {10.1007/s10100-017-0471-1},
  year = {2017},
  month = mar,
  publisher = {Springer Science and Business Media {LLC}},
  volume = {25},
  number = {3},
  pages = {651--664},
  author = {L'udmila J{\'{a}}no{\v{s}}{\'{\i}}kov{\'{a}} and Milo{\v{s}} Herda and Michal Haviar},
  title = {Hybrid genetic algorithms with selective crossover for the capacitated p-median problem},
  journal = {Central European Journal of Operations Research}
}

# Reinforcement learning
@article{Wang2022,
  doi = {10.1007/s10489-022-03453-z},
  year = {2022},
  month = may,
  publisher = {Springer Science and Business Media {LLC}},
  volume = {53},
  number = {2},
  pages = {2010--2025},
  author = {Chenguang Wang and Congying Han and Tiande Guo and Man Ding},
  title = {Solving uncapacitated P-Median problem with reinforcement learning assisted by graph attention networks},
  journal = {Applied Intelligence}
}

@mastersthesis{Judecir2021,
  author       = {Aguiar Júnior, Judecir Cavalcante},
  title        = {Modelo de Arranjo Linear e Desigualdades Válidas para o Problema do Job Shop com Minimização do Makespan},
  school       = {Universidade Federal do Ceará},
  year         = {2021},
  address      = {Fortaleza},
}

@article{Ward1963,
  doi = {10.1080/01621459.1963.10500845},
  year = {1963},
  month = mar,
  publisher = {Informa {UK} Limited},
  volume = {58},
  number = {301},
  pages = {236--244},
  author = {Joe H. Ward},
  title = {Hierarchical Grouping to Optimize an Objective Function},
  journal = {Journal of the American Statistical Association}
}

@Misc{DadosPRF,
  author        = {{POLÍCIA RODOVIÁRIA FEDERAL}},
  title         = {Dados Abertos PRF},
  year          = {2022},
  url           = {https://www.gov.br/prf/pt-br/acesso-a-informacao/dados-abertos/dados-abertos-da-prf},
  urlaccessdate = {2023-02-05},
}

@inproceedings{Furche2016,
  title={Data Wrangling for Big Data: Challenges and Opportunities.},
  author={Furche, Tim and Gottlob, Georg and Libkin, Leonid and Orsi, Giorgio and Paton, Norman W},
  volume={16},
  pages={473--478},
  year={2016},
  doi = {10.5441/002/EDBT.2016.44},
  booktitle = {Advances in Database Technology - EDBT},
  publisher = {OpenProceedings.org},
}

@inproceedings{Mahmoud2016,
  doi = {10.1109/wscar.2016.16},
  year = {2016},
  month = mar,
  publisher = {{IEEE}},
  author = {Hagar Mahmoud and Nadine Akkari},
  title = {Shortest Path Calculation: A Comparative Study for Location-Based Recommender System},
  booktitle = {2016 World Symposium on Computer Applications {\&}amp$\mathsemicolon$ Research ({WSCAR})}
}

@Manual{python,
  title        = {{Python: A dynamic, open source programming language}},
  author       = {{Python Core Team}},
  note         = {Python version 3.9.13},
  organization = {{Python Software Foundation}},
  year         = {2022},
  url          = {https://www.python.org/},
}

@book{pyomo_book, title={Pyomo--optimization modeling in python}, author={Bynum, Michael L. and Hackebeil, Gabriel A. and Hart, William E. and Laird, Carl D. and Nicholson, Bethany L. and Siirola, John D. and Watson, Jean-Paul and Woodruff, David L.}, edition={Third}, volume={67}, year={2021}, publisher={Springer Science \& Business Media} } 

@article{pyomo_paper, title={Pyomo: modeling and solving mathematical programs in Python}, author={Hart, William E and Watson, Jean-Paul and Woodruff, David L}, journal={Mathematical Programming Computation}, volume={3}, number={3}, pages={219--260}, year={2011}, publisher={Springer} } 

@article{scikit-learn,
 title={Scikit-learn: Machine Learning in {P}ython},
 author={Pedregosa, F. and Varoquaux, G. and Gramfort, A. and Michel, V.
         and Thirion, B. and Grisel, O. and Blondel, M. and Prettenhofer, P.
         and Weiss, R. and Dubourg, V. and Vanderplas, J. and Passos, A. and
         Cournapeau, D. and Brucher, M. and Perrot, M. and Duchesnay, E.},
 journal={Journal of Machine Learning Research},
 volume={12},
 pages={2825--2830},
 year={2011}
}

@Misc{poetry,
  author       = {Sébastien Eustace},
  howpublished = {\url{https://pypi.org/project/poetry/}},
  title        = {Poetry 1.3.0},
  year         = {2022},
}

@software{pandas,
    author       = {{The pandas development team}},
    title        = {pandas-dev/pandas: Pandas},
    month        = nov,
    year         = 2022,
    publisher    = {Zenodo},
    version      = {1.5.2},
    doi          = {10.5281/ZENODO.7344967},
    url          = {https://zenodo.org/record/7344967}
}

@Article{numpy,
 title         = {Array programming with {NumPy}},
 author        = {Charles R. Harris and K. Jarrod Millman and St{\'{e}}fan J.
                 van der Walt and Ralf Gommers and Pauli Virtanen and David
                 Cournapeau and Eric Wieser and Julian Taylor and Sebastian
                 Berg and Nathaniel J. Smith and Robert Kern and Matti Picus
                 and Stephan Hoyer and Marten H. van Kerkwijk and Matthew
                 Brett and Allan Haldane and Jaime Fern{\'{a}}ndez del
                 R{\'{i}}o and Mark Wiebe and Pearu Peterson and Pierre
                 G{\'{e}}rard-Marchant and Kevin Sheppard and Tyler Reddy and
                 Warren Weckesser and Hameer Abbasi and Christoph Gohlke and
                 Travis E. Oliphant},
 year          = {2020},
 month         = sep,
 journal       = {Nature},
 volume        = {585},
 number        = {7825},
 pages         = {357--362},
 doi           = {10.1038/s41586-020-2649-2},
 publisher     = {Springer Science and Business Media {LLC}},
 url           = {https://doi.org/10.1038/s41586-020-2649-2}
}

@misc{gurobi,
  author = {{Gurobi Optimization, LLC}},
  title = {{Gurobi Optimizer Reference Manual}},
  year = 2022,
  url = "https://www.gurobi.com"
}




















@Manual{abntex2modelo,
  Title                    = {Modelo Can{\^o}nico de Trabalho Acad{\^e}mico com abnTeX2},
  Author                   = {ABNTeX2},
  Organization             = {Equipe abnTeX2},
  Year                     = {2013},
  Annote                   = {Este documento {\'e} derivado do \cite{abnt-bibtex-doc}},
  Bdsk-url-1               = {http://code.google.com/p/abntex2/},
  Date-added               = {2012-12-20 00:53:31 +0000},
  Date-modified            = {2013-02-04 12:05:13 +0000},
  Url                      = {http://abntex2.googlecode.com/}
}

@Manual{abntex2modelo-artigo,
  Title                    = {Modelo Can{\^o}nico de Artigo cient{\'i}fico com abnTeX2},
  Author                   = {abnTeX2},
  Organization             = {Equipe abnTeX2},
  Year                     = {2013},

  Annote                   = {Este documento {\'e} derivado do \cite{abnt-bibtex-doc}},
  Bdsk-url-1               = {http://code.google.com/p/abntex2/},
  Date-added               = {2013-01-15 00:08:47 +0000},
  Date-modified            = {2013-02-04 12:05:04 +0000},
  Url                      = {http://abntex2.googlecode.com/}
}

@Manual{abntex2modelo-glossario,
  Title                    = {Exemplo de uso de gloss{\'a}rio com abnTeX2},
  Author                   = {abnTeX2},
  Organization             = {Equipe abnteX2},
  Year                     = {2013},
  Bdsk-url-1               = {http://abntex2.googlecode.com/},
  Date-added               = {2013-03-11 13:38:46 +0000},
  Date-modified            = {2013-04-05 11:03:36 +0000},
  Url                      = {http://abntex2.googlecode.com/},
  key                      = {consulta},
}

@Manual{abntex2modelo-livro,
  Title                    = {Modelo de Livro produzido com abnTeX2},
  Author                   = {abnTeX2},
  Organization             = {Equipe abnTeX2},
  Year                     = {2013},

  Annote                   = {Este documento {\'e} derivado do \cite{abnt-bibtex-doc}},
  Bdsk-url-1               = {http://code.google.com/p/abntex2/},
  Date-added               = {2013-08-20 11:04:36 +0000},
  Date-modified            = {2013-08-20 11:05:30 +0000},
  Url                      = {http://abntex2.googlecode.com/}
}

@Manual{abntex2modelo-projeto-pesquisa,
  Title                    = {Modelo Can{\^o}nico de Projeto de pesquisa com abnTeX2},
  Author                   = {abnTeX2},
  Organization             = {Equipe abnTeX2},
  Year                     = {2013},

  Annote                   = {Este documento {\'e} derivado do \cite{abnt-bibtex-doc}},
  Bdsk-url-1               = {http://code.google.com/p/abntex2/},
  Date-added               = {2013-01-19 09:55:40 +0000},
  Date-modified            = {2013-02-04 12:05:07 +0000},
  Url                      = {http://abntex2.googlecode.com/}
}

@Manual{abntex2modelo-relatorio,
  Title                    = {Modelo Can{\^o}nico de Relat{\'o}rio T{\'e}cnico e/ou Cient{\'i}fico com abnTeX2},
  Author                   = {abnTeX2},
  Organization             = {Equipe abnTeX2},
  Year                     = {2013},

  Annote                   = {Este documento {\'e} derivado do \cite{abnt-bibtex-doc}},
  Bdsk-url-1               = {http://code.google.com/p/abntex2/},
  Date-added               = {2013-01-15 00:06:21 +0000},
  Date-modified            = {2013-02-04 12:05:11 +0000},
  Url                      = {http://abntex2.googlecode.com/}
}

@Manual{abntex2cite,
  Title                    = {O pacote abntex2cite: Estilos bibliogr{\'a}ficos compat{\'i}veis com a ABNT NBR 6023},
  Author                   = {abnTeX2 and Lauro C{\'e}sar Araujo},
  Organization             = {Equipe abnTeX2},
  Year                     = {2013},

  Annote                   = {Este documento {\'e} derivado do \cite{abnt-bibtex-doc}},
  Bdsk-url-1               = {http://code.google.com/p/abntex2/},
  Date-added               = {2012-12-19 13:06:14 +0000},
  Date-modified            = {2013-04-05 10:47:48 +0000},
  Url                      = {http://abntex2.googlecode.com/}
}

@Manual{abntex2cite-alf,
  Title                    = {O pacote abntex2cite: t{\'o}picos espec{\'i}ficos da ABNT NBR 10520:2002 e o estilo bibliogr{\'a}fico alfab{\'e}tico (sistema autor-data},
  Author                   = {abnTeX2 and Lauro C{\'e}sar Araujo},
  Organization             = {Equipe abnTeX2},
  Year                     = {2013},

  Annote                   = {Este documento {\'e} derivado do \cite{abnt-bibtex-alf-doc}},
  Bdsk-url-1               = {http://code.google.com/p/abntex2/},
  Date-added               = {2012-12-19 13:08:00 +0000},
  Date-modified            = {2013-04-05 11:02:56 +0000},
  Url                      = {http://abntex2.googlecode.com/}
}

@Manual{abntex2classe,
  Title                    = {A classe abntex2: Modelo can{\^o}nico de trabalhos acad{\^e}micos brasileiros compat{\'i}vel com as normas ABNT NBR 14724:2011, ABNT NBR 6024:2012 e outras},
  Author                   = {abnTeX2 and Lauro C{\'e}sar Araujo},
  Organization             = {Equipe abnTeX2},
  Year                     = {2012},

  Annote                   = {Este documento substitui o \cite{abnt-classe-doc}},
  Bdsk-url-1               = {http://code.google.com/p/abntex2/},
  Date-added               = {2012-12-19 13:08:40 +0000},
  Date-modified            = {2013-04-05 11:03:25 +0000},
  Url                      = {http://abntex2.googlecode.com/}
}

@Manual{enumitem,
  Title                    = {Customizing lists with the enumitem package},
  Author                   = {Javier Bezos},
  Month                    = {9},
  Organization             = {CTAN},
  Year                     = {2011},

  Bdsk-url-1               = {http://linorg.usp.br/CTAN/macros/latex/contrib/enumitem/enumitem.pdf},
  Date-added               = {2013-01-22 10:24:05 +0000},
  Date-modified            = {2013-01-22 10:31:21 +0000},
  Url                      = {http://linorg.usp.br/CTAN/macros/latex/contrib/enumitem/enumitem.pdf},
  Urlaccessdate            = {22.1.2013}
}

@Manual{babel,
  Title                    = {Babel, a multilingual package for use with LATEX's standard document classes},
  Author                   = {Johannes Braams},
  Month                    = {April},
  Year                     = {2008},

  Bdsk-url-1               = {http://mirrors.ctan.org/info/babel/babel.pdf},
  Date-added               = {2013-02-17 14:07:33 +0000},
  Date-modified            = {2013-02-17 14:07:33 +0000},
  Url                      = {http://mirrors.ctan.org/info/babel/babel.pdf},
  Urlaccessdate            = {17.2.2013}
}

@Book{ibge1993,
  Title                    = {Normas de apresenta\c{c}{\~a}o tabular},
  Author                   = {IBGE},
  Publisher                = {Centro de Documenta\c{c}{\~a}o e Dissemina\c{c}{\~a}o de Informa\c{c}{\~o}es. Funda\c{c}{\~a}o Intituto Brasileiro de Geografia e Estat{\'i}stica},
  Year                     = {1993},

  Address                  = {Rio de Janeiro},
  Edition                  = {3},

  Date-added               = {2013-08-21 13:48:18 +0000},
  Date-modified            = {2013-08-21 13:55:50 +0000},
  Organization             = {http://biblioteca.ibge.gov.br/visualizacao/livros/liv23907.pdf},
  Urlaccessdate            = {21 ago 2013}
}

@Manual{oberdiek2011,
  Title                    = {The bookmark package},
  Author                   = {Heiko Oberdiek},
  Month                    = {dez},
  Year                     = {2011},

  Bdsk-url-1               = {ftp://ftp.ctan.org/tex-archive/macros/latex/contrib/oberdiek/bookmark.pdf},
  Date-added               = {2013-02-03 23:17:19 +0000},
  Date-modified            = {2013-02-03 23:18:01 +0000},
  Url                      = {ftp://ftp.ctan.org/tex-archive/macros/latex/contrib/oberdiek/bookmark.pdf},
  Urlaccessdate            = {3.2.2013}
}

@Manual{abnt-classe-doc,
  Title                    = {Classe {ABNT}},
  Author                   = {Santini Frasson, Miguel Vin{\'i}cius},
  Organization             = {Grupo abnTeX},
  Year                     = {2002},

  Bdsk-url-1               = {http://abntex.codigolivre.org.br},
  Date-modified            = {2013-02-04 12:04:50 +0000},
  Subtitle                 = {confec\c{c}{\~a}o de trabalhos acad{\^e}micos em {\LaTeX} segundo as normas {ABNT}},
  Url                      = {http://abntex.codigolivre.org.br}
}

@Manual{abnt-bibtex-alf-doc,
  Title                    = {Estilo bibtex compat{\'i}vel com a `norma' 6023/2000 da {ABNT}},

  Address                  = {.},
  Author                   = {Gerald Weber},
  Organization             = {Grupo abnTeX},
  Year                     = {2003},

  Bdsk-url-1               = {http://abntex.codigolivre.org.br},
  Subtitle                 = {Quest\~oes espec{\'i}ficas da `norma' 10520/2001},
  Url                      = {http://abntex.codigolivre.org.br}
}

@Manual{abnt-bibtex-doc,
  Title                    = {Estilo bibtex compat{\'i}vel com a `norma' 6023/2000 da {ABNT}},
  Author                   = {Gerald Weber},
  Organization             = {Grupo abnTeX},
  Year                     = {2003},

  Bdsk-url-1               = {http://abntex.codigolivre.org.br},
  Url                      = {http://abntex.codigolivre.org.br}
}

@Manual{tabela-simbolos-doc,
  Title                    = {Tabelas de s{\'i}mbolos usando makeindex},
  Author                   = {Gerald Weber},
  Organization             = {Grupo abnTeX},
  Year                     = {2003},

  Bdsk-url-1               = {http://abntex.codigolivre.org.br},
  Url                      = {http://abntex.codigolivre.org.br}
}

@Manual{memoir,
  Title                    = {The Memoir Class for Configurable Typesetting - User Guide},

  Address                  = {Normandy Park, WA},
  Author                   = {Peter Wilson and Lars Madsen},
  Organization             = {The Herries Press},
  Year                     = {2010},

  Bdsk-url-1               = {http://ctan.tche.br/macros/latex/contrib/memoir/memman.pdf},
  Date-added               = {2012-12-20 01:04:36 +0000},
  Date-modified            = {2013-03-21 11:57:49 +0000},
  Url                      = {http://mirrors.ctan.org/macros/latex/contrib/memoir/memman.pdf},
  Urlaccessdate            = {19.12.2012}
}

@Manual{NBR6024:2012,
  Title                    = {{ABNT NBR} 6024: 2012},

  Address                  = {Rio de Janeiro},
  Month                    = feb,
  Organization             = {Associa\c{c}\~ao Brasileira de Normas T\'ecnicas},
  Year                     = {2012},

  Date-added               = {2013-03-18 13:32:00 +0000},
  Date-modified            = {2013-03-18 13:33:17 +0000},
  Org-short                = {ABNT},
  Pages                    = {4},
  Subtitle                 = {Informa\c{c}\~ao e Documenta\c{c}\~ao - Numera\c{c}\~ao progressiva das se\c{c}\~oes de um documento - Apresenta\c{c}\~ao}
}

@Manual{NBR14724:2011,
  Title                    = {{ABNT NBR} 14724:2011},

  Address                  = {Rio de Janeiro},
  Month                    = mar,
  Organization             = {Associa\c{c}\~ao Brasileira de Normas T\'ecnicas},
  Year                     = {2011},

  Date-added               = {2013-03-18 14:19:32 +0000},
  Date-modified            = {2013-03-18 14:20:15 +0000},
  Org-short                = {ABNT},
  Pages                    = {15},
  Subtitle                 = {Informa\c{c}\~ao e documenta\c{c}\~ao --- Trabalhos acad\^emicos --- Apresenta\c{c}\~ao}
}

@Manual{DOI,
  Title                    = {The {DOI} handbook},

  Address                  = {Oxford},
  Month                    = feb,
  Organization             = {International DOI Foundation},
  Year                     = {2003},

  Bdsk-url-1               = {doi:10.1000/182},
  Date-added               = {2012-12-20 12:30:58 +0000},
  Date-modified            = {2012-12-20 12:30:58 +0000},
  Org-short                = {IDF},
  Url                      = {doi:10.1000/182}
}

@Manual{ISO15706:2002,
  Title                    = {{ISO} 15706:2002},
  Organization             = {International Standards Organization},
  Year                     = {2002},

  Bdsk-url-1               = {http://www.nlc-bnc.ca/iso/tc46sc9/standard/15706e.htm},
  Date-added               = {2012-12-20 12:30:58 +0000},
  Date-modified            = {2012-12-20 12:30:58 +0000},
  Org-short                = {ISO},
  Subtitle                 = {Information and documentation --- {I}nternational Standard Audiovisual Number ({ISAN})},
  Url                      = {http://www.nlc-bnc.ca/iso/tc46sc9/standard/15706e.htm},
  Urlaccessdate            = {24 abr. 2003}
}

@Manual{ISO639-1:2002,
  Title                    = {{ISO} 639-1:2002},
  Organization             = {International Standards Organization},
  Year                     = {2002},

  Date-added               = {2012-12-20 12:30:58 +0000},
  Date-modified            = {2012-12-20 12:30:58 +0000},
  Org-short                = {ISO},
  Subtitle                 = {Codes for the representation of names of languages --- {P}art 1: Alpha-2 code}
}

@Manual{NBR10520:2002,
  Title                    = {{NBR} 10520},

  Address                  = {Rio de Janeiro},
  Month                    = aug,
  Note                     = {Substitui a Ref.~\citeonline{NBR10520:2001}},
  Organization             = {Associa\c{c}\~ao Brasileira de Normas T\'ecnicas},
  Year                     = {2002},

  Date-added               = {2012-12-20 12:30:58 +0000},
  Date-modified            = {2012-12-20 12:30:58 +0000},
  Org-short                = {ABNT},
  Pages                    = {7},
  Subtitle                 = {Informa\c{c}\~ao e documenta\c{c}\~ao --- Apresenta\c{c}\~ao de cita\c{c}\~oes em documentos}
}

@Manual{NBR14724:2002,
  Title                    = {{NBR} 14724},

  Address                  = {Rio de Janeiro},
  Month                    = aug,
  Note                     = {Substitui a Ref.~\citeonline{NBR14724:2001}},
  Organization             = {Associa\c{c}\~ao Brasileira de Normas T\'ecnicas},
  Year                     = {2002},

  Date-added               = {2012-12-20 12:30:58 +0000},
  Date-modified            = {2012-12-20 12:30:58 +0000},
  Org-short                = {ABNT},
  Pages                    = {6},
  Subtitle                 = {Informa\c{c}\~ao e documenta\c{c}\~ao --- trabalhos acad\^emicos --- apresenta\c{c}\~ao}
}

@Manual{NBR6023:2002,
  Title                    = {{NBR} 6023},

  Address                  = {Rio de Janeiro},
  Month                    = aug,
  Note                     = {Substitui a Ref.~\citeonline{NBR6023:2000}},
  Organization             = {Associa\c{c}\~ao Brasileira de Normas T\'ecnicas},
  Year                     = {2002},

  Date-added               = {2012-12-20 12:30:58 +0000},
  Date-modified            = {2012-12-20 12:30:58 +0000},
  Org-short                = {ABNT},
  Pages                    = {24},
  Subtitle                 = {Informa\c{c}\~ao e documenta\c{c}\~ao --- Refer\^encias --- Elabora\c{c}\~ao}
}

@Manual{NBR6029:2002,
  Title                    = {{NBR} 6029},

  Address                  = {Rio de Janeiro},
  Month                    = sep,
  Organization             = {Associa\c{c}\~ao Brasileira de Normas T\'ecnicas},
  Year                     = {2002},

  Date-added               = {2012-12-20 12:30:58 +0000},
  Date-modified            = {2012-12-20 12:30:58 +0000},
  Org-short                = {ABNT},
  Pages                    = {9},
  Subtitle                 = {Informa\c{c}\~ao e documenta\c{c}\~ao --- Livros e folhetos --- Apresenta\c{c}\~ao}
}

@Manual{ISO15707:2001,
  Title                    = {{ISO} 15707:2001},
  Organization             = {International Standards Organization},
  Year                     = {2001},

  Bdsk-url-1               = {http://www.nlc-bnc.ca/iso/tc46sc9/15707.htm},
  Date-added               = {2012-12-20 12:30:58 +0000},
  Date-modified            = {2012-12-20 12:30:58 +0000},
  Org-short                = {ISO},
  Subtitle                 = {Information and documentation --- {I}nternational Standard Musical Work Code ({ISWC})},
  Url                      = {http://www.nlc-bnc.ca/iso/tc46sc9/15707.htm},
  Urlaccessdate            = {24 abr. 2003}
}

@Manual{ISO3901:2001,
  Title                    = {{ISO} 3901:2001},
  Organization             = {International Standards Organization},
  Year                     = {2001},

  Date-added               = {2012-12-20 12:30:58 +0000},
  Date-modified            = {2012-12-20 12:30:58 +0000},
  Org-short                = {ISO},
  Subtitle                 = {Information and documentation --- {I}nternational Standard Recording Code ({ISRC})}
}

@Manual{NBR10520:2001,
  Title                    = {{NBR} 10520},

  Address                  = {Rio de Janeiro},
  Month                    = jul,
  Note                     = {Substitui a Ref.~\citeonline{NBR10520:1988}},
  Organization             = {Associa\c{c}\~ao Brasileira de Normas T\'ecnicas},
  Year                     = {2001},

  Date-added               = {2012-12-20 12:30:58 +0000},
  Date-modified            = {2012-12-20 12:30:58 +0000},
  Org-short                = {ABNT},
  Pages                    = {4},
  Subtitle                 = {Informa\c{c}\~ao e documenta\c{c}\~ao --- Apresenta\c{c}\~ao de cita\c{c}\~oes em documentos}
}

@Manual{NBR14724:2001,
  Title                    = {{NBR} 14724},

  Address                  = {Rio de Janeiro},
  Month                    = jul,
  Organization             = {Associa\c{c}\~ao Brasileira de Normas T\'ecnicas},
  Year                     = {2001},

  Date-added               = {2012-12-20 12:30:58 +0000},
  Date-modified            = {2012-12-20 12:30:58 +0000},
  Org-short                = {ABNT},
  Pages                    = {6},
  Subtitle                 = {Informa\c{c}\~ao e documenta\c{c}\~ao --- trabalhos acad\^emicos --- apresenta\c{c}\~ao}
}

@Manual{NBR6023:2000,
  Title                    = {{NBR} 6023},

  Address                  = {Rio de Janeiro},
  Month                    = aug,
  Organization             = {Associa\c{c}\~ao Brasileira de Normas T\'ecnicas},
  Year                     = {2000},

  Date-added               = {2012-12-20 12:30:58 +0000},
  Date-modified            = {2012-12-20 12:30:58 +0000},
  Org-short                = {ABNT},
  Pages                    = {22},
  Subtitle                 = {Informa\c{c}\~ao e documenta\c{c}\~ao --- Refer\^encias --- Elabora\c{c}\~ao}
}

@Manual{ISO11798:1999,
  Title                    = {{ISO} 11798:1999},
  Organization             = {International Standards Organization},
  Year                     = {1999},

  Date-added               = {2012-12-20 12:30:58 +0000},
  Date-modified            = {2012-12-20 12:30:58 +0000},
  Org-short                = {ISO},
  Subtitle                 = {Information and documentation --- {P}ermanence and durability of writing, printing and copying on paper --- {R}equirements and test methods}
}

@Manual{ISO3297:1998,
  Title                    = {{ISO} 3297:1998},
  Organization             = {International Standards Organization},
  Year                     = {1998},

  Date-added               = {2012-12-20 12:30:58 +0000},
  Date-modified            = {2012-12-20 12:30:58 +0000},
  Org-short                = {ISO},
  Subtitle                 = {Information and documentation --- {I}nternational standard serial number ({ISSN})}
}

@Manual{ISO639-2:1998,
  Title                    = {{ISO} 639-2:1998},
  Organization             = {International Standards Organization},
  Year                     = {1998},

  Date-added               = {2012-12-20 12:30:58 +0000},
  Date-modified            = {2012-12-20 12:30:58 +0000},
  Org-short                = {ISO},
  Subtitle                 = {Codes for the representation of names of languages -- {P}art 2: Alpha-3 code}
}

@Manual{ISO10324:1997,
  Title                    = {{ISO} 10324:1997},
  Organization             = {International Standards Organization},
  Year                     = {1997},

  Date-added               = {2012-12-20 12:30:58 +0000},
  Date-modified            = {2012-12-20 12:30:58 +0000},
  Org-short                = {ISO},
  Subtitle                 = {Information and documentation --- {H}oldings statements --- {S}ummary level}
}

@Manual{ISO4:1997,
  Title                    = {{ISO} 4:1997},
  Organization             = {International Standards Organization},
  Year                     = {1997},

  Date-added               = {2012-12-20 12:30:58 +0000},
  Date-modified            = {2012-12-20 12:30:58 +0000},
  Org-short                = {ISO},
  Subtitle                 = {Information and documentation --- {R}ules for the abbreviation of title words and titles of publications}
}

@Manual{ISO690-2:1997,
  Title                    = {{ISO} 690-2},
  Organization             = {International Standards Organization},
  Year                     = {1997},

  Bdsk-url-1               = {http://www.nlc-bnc.ca/iso/tc46sc9/standard/690-2e.htm},
  Date-added               = {2012-12-20 12:30:58 +0000},
  Date-modified            = {2012-12-20 12:30:58 +0000},
  Org-short                = {ISO},
  Subtitle                 = {Information and documentation --- {B}ibliographic references {P}art 2: Electronic documents or parts thereof},
  Url                      = {http://www.nlc-bnc.ca/iso/tc46sc9/standard/690-2e.htm},
  Urlaccessdate            = {31 mar. 2003}
}

@Manual{ISO11108:1996,
  Title                    = {{ISO} 11108:1996},
  Organization             = {International Standards Organization},
  Year                     = {1996},

  Date-added               = {2012-12-20 12:30:58 +0000},
  Date-modified            = {2012-12-20 12:30:58 +0000},
  Org-short                = {ISO},
  Subtitle                 = {Information and documentation --- {A}rchival paper --- {R}equirements for permanence and durability}
}

@Manual{ISO7220:1996,
  Title                    = {{ISO} 7220:1996},
  Organization             = {International Standards Organization},
  Year                     = {1996},

  Date-added               = {2012-12-20 12:30:58 +0000},
  Date-modified            = {2012-12-20 12:30:58 +0000},
  Org-short                = {ISO},
  Subtitle                 = {Information and documentation --- {P}resentation of catalogues of standards}
}

@Manual{ISO999:1996,
  Title                    = {{ISO} 999:1996},
  Organization             = {International Standards Organization},
  Year                     = {1996},

  Bdsk-url-1               = {http://www.nlc-bnc.ca/iso/tc46sc9/standard/999e.htm},
  Date-added               = {2012-12-20 12:30:58 +0000},
  Date-modified            = {2012-12-20 12:30:58 +0000},
  Org-short                = {ISO},
  Subtitle                 = {Information and documentation --- Guidelines for the content, organization and presentation of indexes},
  Url                      = {http://www.nlc-bnc.ca/iso/tc46sc9/standard/999e.htm},
  Urlaccessdate            = {31 mar. 2003}
}

@Manual{ISO10444:1994,
  Title                    = {{ISO} 10444:1994},
  Organization             = {International Standards Organization},
  Year                     = {1994},

  Date-added               = {2012-12-20 12:30:58 +0000},
  Date-modified            = {2012-12-20 12:30:58 +0000},
  Org-short                = {ISO},
  Subtitle                 = {Information and documentation --- {I}nternational standard technical report number ({ISRN})}
}

@Manual{ISO832:1994,
  Title                    = {{ISO} 832:1994},
  Organization             = {International Standards Organization},
  Year                     = {1994},

  Bdsk-url-1               = {http://www.nlc-bnc.ca/iso/tc46sc9/standard/832e.htm},
  Date-added               = {2012-12-20 12:30:58 +0000},
  Date-modified            = {2012-12-20 12:30:58 +0000},
  Org-short                = {ISO},
  Subtitle                 = {Information and documentation --- {B}ibliographic description and references --- {R}ules for the abbreviation of bibliographic terms},
  Url                      = {http://www.nlc-bnc.ca/iso/tc46sc9/standard/832e.htm},
  Urlaccessdate            = {31 mar. 2003}
}

@Manual{NBR6021:1994,
  Title                    = {{NBR} 6021},

  Address                  = {Rio de Janeiro},
  Month                    = oct,
  Organization             = {Associa\c{c}\~ao Brasileira de Normas T\'ecnicas},
  Year                     = {1994},

  Date-added               = {2012-12-20 12:30:58 +0000},
  Date-modified            = {2012-12-20 12:30:58 +0000},
  Org-short                = {ABNT},
  Pages                    = {3},
  Subtitle                 = {Apresenta\c{c}\~ao de peri\'odicos}
}

@Manual{NBR6022:1994,
  Title                    = {{NBR} 6022},

  Address                  = {Rio de Janeiro},
  Month                    = aug,
  Organization             = {Associa\c{c}\~ao Brasileira de Normas T\'ecnicas},
  Year                     = {1994},

  Date-added               = {2012-12-20 12:30:58 +0000},
  Date-modified            = {2012-12-20 12:30:58 +0000},
  Org-short                = {ABNT},
  Pages                    = {2},
  Subtitle                 = {Apresenta\c{c}\~ao de artigos em publica\c{c}\~oes peri\'odicos}
}

@Manual{NBR6026:1994,
  Title                    = {{NBR} 6026},

  Address                  = {Rio de Janeiro},
  Month                    = mar,
  Organization             = {Associa\c{c}\~ao Brasileira de Normas T\'ecnicas},
  Year                     = {1994},

  Date-added               = {2012-12-20 12:30:58 +0000},
  Date-modified            = {2012-12-20 12:30:58 +0000},
  Org-short                = {ABNT},
  Pages                    = {2},
  Subtitle                 = {Legenda bibliogr\'afica}
}

@Manual{ISO10957:1993,
  Title                    = {{ISO} 10957:1993},
  Organization             = {International Standards Organization},
  Year                     = {1993},

  Bdsk-url-1               = {http://www.nlc-bnc.ca/iso/tc46sc9/standard/10957e.htm},
  Date-added               = {2012-12-20 12:30:58 +0000},
  Date-modified            = {2012-12-20 12:30:58 +0000},
  Org-short                = {ISO},
  Subtitle                 = {Information and documentation --- {I}nternational standard music number ({ISMN})},
  Url                      = {http://www.nlc-bnc.ca/iso/tc46sc9/standard/10957e.htm},
  Urlaccessdate            = {24 abr. 2003}
}

@Manual{ISO2108:1992,
  Title                    = {{ISO} 2108:1992},
  Organization             = {International Standards Organization},
  Year                     = {1992},

  Bdsk-url-1               = {http://www.nlc-bnc.ca/iso/tc46sc9/standard/2108e.htm},
  Date-added               = {2012-12-20 12:30:58 +0000},
  Date-modified            = {2012-12-20 12:30:58 +0000},
  Org-short                = {ISO},
  Subtitle                 = {Information and documentation --- {I}nternational Standard Book Numbering ({ISBN})},
  Url                      = {http://www.nlc-bnc.ca/iso/tc46sc9/standard/2108e.htm},
  Urlaccessdate            = {31 mar. 2003}
}

@Manual{NBR12256:1992,
  Title                    = {Apresenta\c{c}\~ao de originais},
  Address                  = {Rio de Janeiro},
  Month                    = apr,
  Organization             = {Associa\c{c}\~ao Brasileira de Normas T\'ecnicas},
  Year                     = {1992},

  Date-added               = {2012-12-20 12:30:58 +0000},
  Date-modified            = {2012-12-20 12:30:58 +0000},
  Org-short                = {ABNT},
  Pages                    = {4}
}

@Manual{NBR6028:1990,
  Title                    = {{NBR} 6028},
  Address                  = {Rio de Janeiro},
  Month                    = may,
  Organization             = {Associa\c{c}\~ao Brasileira de Normas T\'ecnicas},
  Year                     = {1990},
  Date-added               = {2012-12-20 12:30:58 +0000},
  Date-modified            = {2012-12-20 12:30:58 +0000},
  Org-short                = {ABNT},
  Pages                    = {3},
  Subtitle                 = {Resumos}
}

@Manual{NBR10719:1989,
  Title                    = {Apresenta\c{c}\~ao de relat\'orios t\'ecnico-cient{\'i}ficos},

  Address                  = {Rio de Janeiro},
  Month                    = aug,
  Organization             = {Associa\c{c}\~ao Brasileira de Normas T\'ecnicas},
  Year                     = {1989},

  Date-added               = {2012-12-20 12:30:58 +0000},
  Date-modified            = {2012-12-20 12:30:58 +0000},
  Org-short                = {ABNT},
  Pages                    = {17}
}

@Manual{NBR6024:1989,
  Title                    = {{NBR} 6024},

  Address                  = {Rio de Janeiro},
  Month                    = aug,
  Organization             = {Associa\c{c}\~ao Brasileira de Normas T\'ecnicas},
  Year                     = {1989},

  Date-added               = {2012-12-20 12:30:58 +0000},
  Date-modified            = {2012-12-20 12:30:58 +0000},
  Org-short                = {ABNT},
  Pages                    = {2},
  Subtitle                 = {Numera\c{c}\~ao progressiva das se\c{c}\~oes de um documento}
}

@Manual{NBR6025:2002,
  Title                    = {{NBR} 6025},

  Address                  = {Rio de Janeiro},
  Month                    = {set},
  Organization             = {Associa\c{c}\~ao Brasileira de Normas T\'ecnicas},
  Year                     = {1989},

  Date-added               = {2012-12-20 12:30:58 +0000},
  Date-modified            = {2012-12-20 12:30:58 +0000},
  Org-short                = {ABNT},
  Pages                    = {6},
  Subtitle                 = {Informa\c{c}\~ao e documenta\c{c}\~ao --- Revis\~ao de originais e provas}
}

@Manual{NBR6027:1989,
  Title                    = {{NBR} 6027},

  Address                  = {Rio de Janeiro},
  Month                    = aug,
  Organization             = {Associa\c{c}\~ao Brasileira de Normas T\'ecnicas},
  Year                     = {1989},

  Date-added               = {2012-12-20 12:30:58 +0000},
  Date-modified            = {2012-12-20 12:30:58 +0000},
  Org-short                = {ABNT},
  Pages                    = {2},
  Subtitle                 = {Sum\'ario}
}

@Manual{NBR6032:1989,
  Title                    = {{NBR} 6032},

  Address                  = {Rio de Janeiro},
  Month                    = aug,
  Organization             = {Associa\c{c}\~ao Brasileira de Normas T\'ecnicas},
  Year                     = {1989},

  Date-added               = {2012-12-20 12:30:58 +0000},
  Date-modified            = {2012-12-20 12:30:58 +0000},
  Org-short                = {ABNT},
  Pages                    = {14},
  Subtitle                 = {Abrevia\c{c}\~oes de T{\'i}tulos de peri\'odicos e publica\c{c}\~oes seriadas}
}

@Manual{NBR6033:1989,
  Title                    = {{NBR} 6033},

  Address                  = {Rio de Janeiro},
  Month                    = aug,
  Organization             = {Associa\c{c}\~ao Brasileira de Normas T\'ecnicas},
  Year                     = {1989},

  Date-added               = {2012-12-20 12:30:58 +0000},
  Date-modified            = {2012-12-20 12:30:58 +0000},
  Org-short                = {ABNT},
  Pages                    = {5},
  Subtitle                 = {Ordem alfab\'etica}
}

@Manual{NBR6034:1989,
  Title                    = {{NBR} 6034},

  Address                  = {Rio de Janeiro},
  Month                    = aug,
  Organization             = {Associa\c{c}\~ao Brasileira de Normas T\'ecnicas},
  Year                     = {1989},

  Date-added               = {2012-12-20 12:30:58 +0000},
  Date-modified            = {2012-12-20 12:30:58 +0000},
  Org-short                = {ABNT},
  Pages                    = {3},
  Subtitle                 = {Prepara\c{c}{\~a}o de {\'i}ndice de publica\c{c}{\~o}es}
}

@Manual{NBR10520:1988,
  Title                    = {{NBR} 10520},

  Address                  = {Rio de Janeiro},
  Month                    = oct,
  Organization             = {Associa\c{c}\~ao Brasileira de Normas T\'ecnicas},
  Year                     = {1988},

  Date-added               = {2012-12-20 12:30:58 +0000},
  Date-modified            = {2012-12-20 12:30:58 +0000},
  Org-short                = {ABNT},
  Pages                    = {3},
  Subtitle                 = {Apresenta\c{c}\~ao de cita\c{c}\~oes em documentos --- Procedimentos}
}

@Manual{NBR10522:1988,
  Title                    = {{NBR} 10522},

  Address                  = {Rio de Janeiro},
  Month                    = oct,
  Organization             = {Associa\c{c}\~ao Brasileira de Normas T\'ecnicas},
  Year                     = {1988},

  Date-added               = {2012-12-20 12:30:58 +0000},
  Date-modified            = {2012-12-20 12:30:58 +0000},
  Org-short                = {ABNT},
  Pages                    = {9},
  Subtitle                 = {Abrevi\c{c}\~ao na descri\c{c}\~ao bibliogr\'afica}
}

@Manual{NBR10523:1988,
  Title                    = {{NBR} 10523},

  Address                  = {Rio de Janeiro},
  Month                    = oct,
  Organization             = {Associa\c{c}\~ao Brasileira de Normas T\'ecnicas},
  Year                     = {1988},

  Date-added               = {2012-12-20 12:30:58 +0000},
  Date-modified            = {2012-12-20 12:30:58 +0000},
  Org-short                = {ABNT},
  Pages                    = {5},
  Subtitle                 = {Entrada para nomes de l{\'i}ngua portuguesa em registros bibliogr\'aficos}
}

@Manual{ISO690:1987,
  Title                    = {{ISO} 690:1987},
  Organization             = {International Standards Organization},
  Year                     = {1987},

  Bdsk-url-1               = {http://www.nlc-bnc.ca/iso/tc46sc9/standard/690-1e.htm},
  Date-added               = {2012-12-20 12:30:58 +0000},
  Date-modified            = {2012-12-20 12:30:58 +0000},
  Org-short                = {ISO},
  Subtitle                 = {Information and documentation --- {B}ibliographic references --- {C}ontent, form and structure},
  Url                      = {http://www.nlc-bnc.ca/iso/tc46sc9/standard/690-1e.htm},
  Urlaccessdate            = {31 mar. 2003}
}

@Manual{ISO215:1986,
  Title                    = {{ISO} 215:1986},
  Organization             = {International Standards Organization},
  Year                     = {1986},

  Date-added               = {2012-12-20 12:30:58 +0000},
  Date-modified            = {2012-12-20 12:30:58 +0000},
  Org-short                = {ISO},
  Subtitle                 = {Documentation --- {P}resentation of contributions to periodicals and other serials}
}

@Manual{ISO2788:1986,
  Title                    = {{ISO} 2788:1986},
  Organization             = {International Standards Organization},
  Year                     = {1986},

  Date-added               = {2012-12-20 12:30:58 +0000},
  Date-modified            = {2012-12-20 12:30:58 +0000},
  Org-short                = {ISO},
  Subtitle                 = {Documentation --- {G}uidelines for the establishment and development of monolingual thesauri}
}

@Manual{ISO5963:1985,
  Title                    = {{ISO} 5963:1985},
  Organization             = {International Standards Organization},
  Year                     = {1985},

  Date-added               = {2012-12-20 12:30:58 +0000},
  Date-modified            = {2012-12-20 12:30:58 +0000},
  Org-short                = {ISO},
  Subtitle                 = {Documentation --- {M}ethods for examining documents, determining their subjects, and selecting indexing terms}
}

@Manual{ISO5964:1985,
  Title                    = {{ISO} 5964:1985},
  Organization             = {International Standards Organization},
  Year                     = {1985},

  Date-added               = {2012-12-20 12:30:58 +0000},
  Date-modified            = {2012-12-20 12:30:58 +0000},
  Org-short                = {ISO},
  Subtitle                 = {Documentation --- {G}uidelines for the establishment and development of multilingual thesauri}
}

@Manual{ISO5123:1984,
  Title                    = {{ISO} 5123:1984},
  Organization             = {International Standards Organization},
  Year                     = {1984},

  Date-added               = {2012-12-20 12:30:58 +0000},
  Date-modified            = {2012-12-20 12:30:58 +0000},
  Org-short                = {ISO},
  Subtitle                 = {Documentation --- {H}eaders for microfiche of monographs and serials}
}

@Manual{ISO7154:1983,
  Title                    = {{ISO} 7154:1983},
  Organization             = {International Standards Organization},
  Year                     = {1983},

  Date-added               = {2012-12-20 12:30:58 +0000},
  Date-modified            = {2012-12-20 12:30:58 +0000},
  Org-short                = {ISO},
  Subtitle                 = {Documentation --- {B}ibliographic filing principles}
}

@Manual{NBR6028:1980,
  Title                    = {{NBR} 6028},

  Address                  = {Rio de Janeiro},
  Organization             = {Associa\c{c}\~ao Brasileira de Normas T\'ecnicas},
  Year                     = {1980},

  Date-added               = {2012-12-20 12:30:58 +0000},
  Date-modified            = {2012-12-20 12:30:58 +0000},
  Org-short                = {ABNT},
  Subtitle                 = {Resumos}
}

@Manual{ISO5122:1979,
  Title                    = {{ISO} 5122:1979},
  Organization             = {International Standards Organization},
  Year                     = {1979},

  Date-added               = {2012-12-20 12:30:58 +0000},
  Date-modified            = {2012-12-20 12:30:58 +0000},
  Org-short                = {ISO},
  Subtitle                 = {Documentation --- {A}bstract sheets in serial publications}
}

@Manual{ISO214:1976,
  Title                    = {{ISO} 214:1976},
  Organization             = {International Standards Organization},
  Year                     = {1976},
   Date-added               = {2012-12-20 12:30:58 +0000},
  Date-modified            = {2012-12-20 12:30:58 +0000},
  Org-short                = {ISO},
  Subtitle                 = {Documentation --- {A}bstracts for publications and documentation}
}



@Manual{ISO214:1976editada,
  Title                    = {{ISO} 214:1976},
  Organization             = {International Standards Organization},
  Year                     = {1976},
  keywords                 = {consultada} ,
  Date-added               = {2012-12-20 12:30:58 +0000},
  Date-modified            = {2012-12-20 12:30:58 +0000},
  Org-short                = {ISO},
  Subtitle                 = {Documentation --- {A}bstracts for publications and documentation}
}

@Misc{luminaria01,
title={Candeeiros de tecto},
author={euzinha ué},
address={aqui né},
year={2017},
keywords={npub-informal},
url={https://goo.gl/DhofqW},
urlaccessdate={2009-01-31},
}
